% This file was created with JabRef 2.10.
% Encoding: MacRoman


@Article{andrews2004stochastic,
  Title                    = {Stochastic simulation of chemical reactions with spatial resolution and single molecule detail},
  Author                   = {Andrews, Steven S and Bray, Dennis},
  Journal                  = PhBio,
  Year                     = {2004},
  Number                   = {3},
  Pages                    = {137},
  Volume                   = {1},

  Owner                    = {jonathan},
  Publisher                = {IOP Publishing},
  Timestamp                = {2014.07.14}
}

@Article{baker2010microscopic,
  Title                    = {From microscopic to macroscopic descriptions of cell migration on growing domains},
  Author                   = {Baker, R. E. and Yates, C. A. and Erban, R.},
  Journal                  = BullMathBio,
  Year                     = {2010},
  Number                   = {3},
  Pages                    = {719--762},
  Volume                   = {72},

  Owner                    = {jonathan},
  Publisher                = {Springer},
  Timestamp                = {2014.07.14}
}

@Article{buxbaum2014right,
  Title                    = {In the right place at the right time: visualizing and understanding m{RNA} localization},
  Author                   = {Buxbaum, Adina R and Haimovich, Gal and Singer, Robert H},
  Journal                  = {Nature Reviews Molecular Cell Biology},
  Year                     = {2014},

  Publisher                = {Nature Publishing Group}
}

@Article{cao2004efficient,
  Title                    = {Efficient formulation of the stochastic simulation algorithm for chemically reacting systems},
  Author                   = {Cao, Yang and Li, Hong and Petzold, Linda},
  Journal                  = JChemPhys,
  Year                     = {2004},
  Number                   = {9},
  Pages                    = {4059--4067},
  Volume                   = {121},

  Owner                    = {jonathan},
  Timestamp                = {2014.07.14}
}

@Article{engblom2009simulation,
  Title                    = {Simulation of Stochastic Reaction-Diffusion Processes on Unstructured Meshes},
  Author                   = {Engblom, S. and Ferm, L. and Hellander, A. and Lötstedt, P.},
  Journal                  = SIAMJSC,
  Year                     = {2009},
  Number                   = {3},
  Pages                    = {1774--1797},
  Volume                   = {31},

  Owner                    = {jonathan},
  Timestamp                = {2014.07.14}
}

@Article{erban2009stochastic,
  Title                    = {Stochastic modelling of reaction--diffusion processes: algorithms for bimolecular reactions},
  Author                   = {Erban, R. and Chapman, J.},
  Journal                  = PhBio,
  Year                     = {2009},
  Number                   = {4},
  Pages                    = {046001},
  Volume                   = {6},

  Owner                    = {jonathan},
  Publisher                = {IOP Publishing},
  Timestamp                = {2014.07.14}
}

@Article{erban2007reactive,
  Title                    = {Reactive boundary conditions for stochastic simulations of reaction--diffusion processes},
  Author                   = {Erban, R. and Chapman, J.},
  Journal                  = PhBio,
  Year                     = {2007},
  Number                   = {1},
  Pages                    = {16},
  Volume                   = {4},

  Owner                    = {jonathan},
  Publisher                = {IOP Publishing},
  Timestamp                = {2014.07.14}
}

@Article{erban2007practical,
  Title                    = {A practical guide to stochastic simulations of reaction-diffusion processes},
  Author                   = {Erban, R. and Chapman, J. and Maini, P.},
  Journal                  = {arXiv preprint arXiv:0704.1908},
  Year                     = {2007},

  Owner                    = {jonathan},
  Timestamp                = {2014.07.14}
}

@Article{erban2013multiscale,
  Title                    = {Multiscale Stochastic Reaction--Diffusion Modeling: Application to Actin Dynamics in Filopodia},
  Author                   = {Erban, R. and Flegg, M. and Papoian, G.},
  Journal                  = BullMathBio,
  Year                     = {2013},
  Pages                    = {1--20},

  Owner                    = {jonathan},
  Publisher                = {Springer},
  Timestamp                = {2014.07.14}
}

@Article{ferm2010adaptive,
  Title                    = {An adaptive algorithm for simulation of stochastic reaction-–diffusion processes },
  Author                   = {Ferm, L. and Hellander, A. and L{\"o}tstedt, P.},
  Journal                  = JCompPhys,
  Year                     = {2010},
  Number                   = {2},
  Pages                    = {343--360},
  Volume                   = {229},

  Owner                    = {jonathan},
  Review                   = {Operator Splitting - Adaptive algorithm},
  Timestamp                = {2014.07.14}
}

@Article{flegg2012two,
  Title                    = {The two-regime method for optimizing stochastic reaction--diffusion simulations},
  Author                   = {Flegg, M. and Chapman, J. and Erban, R.},
  Journal                  = JRSI,
  Year                     = {2012},
  Number                   = {70},
  Pages                    = {859--868},
  Volume                   = {9},

  Owner                    = {jonathan},
  Publisher                = {The Royal Society},
  Timestamp                = {2014.07.14}
}

@Article{flegg2013convergence,
  Title                    = {Convergence of methods for coupling of microscopic and mesoscopic reaction-diffusion simulations},
  Author                   = {Flegg, M. and Hellander, S. and Erban, R.},
  Journal                  = {arXiv preprint arXiv:1304.7393},
  Year                     = {2013},

  Owner                    = {jonathan},
  Timestamp                = {2014.07.14}
}

@Article{flegg2013analysis,
  Title                    = {Analysis of the two-regime method on square meshes},
  Author                   = {Flegg, Mark B and Chapman, S Jonathan and Zheng, Likun and Erban, Radek},
  Journal                  = {arXiv preprint arXiv:1304.5487},
  Year                     = {2013},

  Owner                    = {jonathan},
  Timestamp                = {2014.07.14}
}

@InCollection{franz2013hybrid,
  Title                    = {Hybrid modelling of individual movement and collective behaviour},
  Author                   = {Franz, Benjamin and Erban, Radek},
  Booktitle                = {Dispersal, Individual Movement and Spatial Ecology},
  Publisher                = {Springer},
  Year                     = {2013},
  Pages                    = {129--157},

  Owner                    = {jonathan},
  Timestamp                = {2014.07.14}
}

@Article{franz2012multiscale,
  Title                    = {Multiscale reaction-diffusion algorithms: PDE-assisted Brownian dynamics},
  Author                   = {Franz, Benjamin and Flegg, Mark B and Chapman, S Jonathan and Erban, Radek},
  Journal                  = SIAMJAM,
  Year                     = {2013},
  Number                   = {3},
  Pages                    = {1224--1247},
  Volume                   = {73},

  Owner                    = {jonathan},
  Publisher                = {SIAM},
  Timestamp                = {2014.07.14}
}

@Book{gardiner1985handbook,
  Title                    = {Handbook of stochastic methods},
  Author                   = {Gardiner, Crispin W and others},
  Publisher                = {Springer},
  Year                     = {1985},
  Volume                   = {3},

  Owner                    = {jonathan},
  Timestamp                = {2014.07.14}
}

@Article{gibson2000efficient,
  Title                    = {Efficient exact stochastic simulation of chemical systems with many species and many channels},
  Author                   = {Gibson, Michael A and Bruck, Jehoshua},
  Journal                  = JPhysChemA,
  Year                     = {2000},
  Number                   = {9},
  Pages                    = {1876--1889},
  Volume                   = {104},

  Owner                    = {jonathan},
  Publisher                = {ACS Publications},
  Timestamp                = {2014.07.14}
}

@Article{gillespie2001approximate,
  Title                    = {Approximate accelerated stochastic simulation of chemically reacting systems},
  Author                   = {Gillespie, Daniel T},
  Journal                  = JChemPhys,
  Year                     = {2001},
  Pages                    = {1716},
  Volume                   = {115},

  Owner                    = {jonathan},
  Timestamp                = {2014.07.14}
}

@Article{gillespie1977exact,
  Title                    = {Exact stochastic simulation of coupled chemical reactions},
  Author                   = {Gillespie, D. T.},
  Journal                  = JPhysChem,
  Year                     = {1977},
  Number                   = {25},
  Pages                    = {2340--2361},
  Volume                   = {81},

  Owner                    = {jonathan},
  Publisher                = {ACS Publications},
  Review                   = {Original SSA},
  Timestamp                = {2014.07.14}
}

@Article{gillespie2013perspective,
  Title                    = {Perspective: Stochastic algorithms for chemical kinetics},
  Author                   = {Gillespie, D. T. and Hellander, A. and Petzold, L. R.},
  Journal                  = JChemPhys,
  Year                     = {2013},
  Pages                    = {170901},
  Volume                   = {138},

  Owner                    = {jonathan},
  Timestamp                = {2014.07.14}
}

@Article{hellander2012coupled,
  Title                    = {Coupled Mesoscopic and Microscopic Simulation of Stochastic Reaction-Diffusion Processes in Mixed Dimensions},
  Author                   = {Hellander, A. and Hellander, S. and Lötstedt, P.},
  Journal                  = MultiModel,
  Year                     = {2012},
  Number                   = {2},
  Pages                    = {585--611},
  Volume                   = {10},

  Owner                    = {jonathan},
  Timestamp                = {2014.07.14}
}

@Article{isaacson2013convergent,
  Title                    = {A convergent reaction-diffusion master equation},
  Author                   = {Isaacson, Samuel A},
  Journal                  = {The Journal of chemical physics},
  Year                     = {2013},
  Number                   = {5},
  Pages                    = {054101},
  Volume                   = {139},

  Publisher                = {AIP Publishing}
}

@Article{isaacson2006incorporating,
  Title                    = {Incorporating diffusion in complex geometries into stochastic chemical kinetics simulations},
  Author                   = {Isaacson, Samuel A and Peskin, Charles S},
  Journal                  = {SIAM Journal on Scientific Computing},
  Year                     = {2006},
  Number                   = {1},
  Pages                    = {47--74},
  Volume                   = {28},

  Publisher                = {SIAM}
}

@Article{isaacson2011influence,
  Title                    = {The influence of volume exclusion by chromatin on the time required to find specific DNA binding sites by diffusion},
  Author                   = {Isaacson, SA and McQueen, DM and Peskin, Charles S},
  Journal                  = {Proceedings of the National Academy of Sciences},
  Year                     = {2011},
  Number                   = {9},
  Pages                    = {3815--3820},
  Volume                   = {108},

  Publisher                = {National Acad Sciences}
}

@Article{jansen2001mrna,
  Title                    = {m{RNA} localization: message on the move},
  Author                   = {Jansen, Ralf-Peter},
  Journal                  = {Nature Reviews Molecular Cell Biology},
  Year                     = {2001},
  Number                   = {4},
  Pages                    = {247--256},
  Volume                   = {2},

  Publisher                = {Nature Publishing Group}
}

@Article{komarov2012accelerating,
  Title                    = {Accelerating the gillespie exact stochastic simulation algorithm using hybrid parallel execution on graphics processing units},
  Author                   = {Komarov, Ivan and D'Souza, Roshan M},
  Journal                  = {PloS one},
  Year                     = {2012},
  Number                   = {11},
  Pages                    = {e46693},
  Volume                   = {7},

  Publisher                = {Public Library of Science}
}

@Article{mickael2014efficient,
  Title                    = {An efficient GPU acceptance-rejection algorithm for the selection of the next reaction to occur for Stochastic Simulation Algorithms},
  Author                   = {Mickael, Neri and Mestivier, Denis},
  Journal                  = {arXiv preprint arXiv:1404.0027},
  Year                     = {2014}
}

@Article{mieck2015non,
  Title                    = {Non-catalytic motor domains enable processive movement and functional diversification of the kinesin-14 Kar3},
  Author                   = {Mieck, Christine and Molodtsov, Maxim I and Drzewicka, Katarzyna and van der Vaart, Babet and Litos, Gabriele and Schmauss, Gerald and Vaziri, Alipasha and Westermann, Stefan},
  Journal                  = {eLife},
  Year                     = {2015},
  Pages                    = {e04489},

  Publisher                = {eLife Sciences Publications Limited}
}

@Article{parton2014subcellular,
  Title                    = {Subcellular m{RNA} localisation at a glance},
  Author                   = {Parton, Richard M and Davidson, Alexander and Davis, Ilan and Weil, Timothy T},
  Journal                  = {Journal of cell science},
  Year                     = {2014},
  Number                   = {10},
  Pages                    = {2127--2133},
  Volume                   = {127},

  Publisher                = {The Company of Biologists Ltd}
}

@Article{parton20111,
  Title                    = {A PAR-1--dependent orientation gradient of dynamic microtubules directs posterior cargo transport in the Drosophila oocyte},
  Author                   = {Parton, Richard M and Hamilton, Russell S and Ball, Graeme and Yang, Lei and Cullen, C Fiona and Lu, Weiping and Ohkura, Hiroyuki and Davis, Ilan},
  Journal                  = {The Journal of cell biology},
  Year                     = {2011},
  Number                   = {1},
  Pages                    = {121--135},
  Volume                   = {194},

  Publisher                = {Rockefeller Univ Press}
}

@Article{st2005moving,
  Title                    = {Moving messages: the intracellular localization of m{RNA}s},
  Author                   = {St Johnston, Daniel},
  Journal                  = {Nature reviews Molecular cell biology},
  Year                     = {2005},
  Number                   = {5},
  Pages                    = {363--375},
  Volume                   = {6},

  Publisher                = {Nature Publishing Group}
}

@Article{vargas2005mechanism,
  Title                    = {Mechanism of m{RNA} transport in the nucleus},
  Author                   = {Vargas, Diana Y and Raj, Arjun and Marras, Salvatore AE and Kramer, Fred Russell and Tyagi, Sanjay},
  Journal                  = {Proceedings of the National Academy of Sciences of the United States of America},
  Year                     = {2005},
  Number                   = {47},
  Pages                    = {17008--17013},
  Volume                   = {102},

  Publisher                = {National Acad Sciences}
}

@Article{weatheritt2014asymmetric,
  Title                    = {Asymmetric m{RNA} localization contributes to fidelity and sensitivity of spatially localized systems},
  Author                   = {Weatheritt, Robert J and Gibson, Toby J and Babu, M Madan},
  Journal                  = {Nature structural \& molecular biology},
  Year                     = {2014},
  Number                   = {9},
  Pages                    = {833--839},
  Volume                   = {21},

  Publisher                = {Nature Publishing Group}
}

@Article{weil2012drosophila,
  Title                    = {Drosophila patterning is established by differential association of m{RNA}s with P bodies},
  Author                   = {Weil, Timothy T and Parton, Richard M and Herpers, Bram and Soetaert, Jan and Veenendaal, Tineke and Xanthakis, Despina and Dobbie, Ian M and Halstead, James M and Hayashi, Rippei and Rabouille, Catherine and others},
  Journal                  = {Nature cell biology},
  Year                     = {2012},
  Number                   = {12},
  Pages                    = {1305--1313},
  Volume                   = {14},

  Publisher                = {Nature Publishing Group}
}

@PhdThesis{yates2011comparing,
  Title                    = {Comparing stochastic discrete and
deterministic continuum models of
cell migration},
  Author                   = {Yates, C. A.},
  Year                     = {2011},

  Owner                    = {jonathan},
  Timestamp                = {2014.07.14}
}

@Article{yates2013recycling,
  Title                    = {Recycling random numbers in the stochastic simulation algorithm},
  Author                   = {Yates, Christian A and Klingbeil, Guido},
  Journal                  = JChemPhys,
  Year                     = {2013},
  Number                   = {9},
  Pages                    = {094103},
  Volume                   = {138},

  Owner                    = {jonathan},
  Timestamp                = {2014.07.14}
}

