% This file was created with JabRef 2.10.
% Encoding: MacRoman


@Article{bressloff2013stochastic,
  Title                    = {Stochastic models of intracellular transport},
  Author                   = {Bressloff, Paul C and Newby, Jay M},
  Journal                  = {Reviews of Modern Physics},
  Year                     = {2013},
  Number                   = {1},
  Pages                    = {135},
  Volume                   = {85},

  __markedentry            = {[jonathan:1]},
  Publisher                = {APS}
}

@Article{delanoue2005dynein,
  Title                    = {Dynein anchors its m{RNA} cargo after apical transport in the Drosophila blastoderm embryo},
  Author                   = {Delanoue, Renald and Davis, Ilan},
  Journal                  = {Cell},
  Year                     = {2005},
  Number                   = {1},
  Pages                    = {97--106},
  Volume                   = {122},

  Publisher                = {Elsevier}
}

@InCollection{hamilton2013multidisciplinary,
  Title                    = {A multidisciplinary approach to RNA localisation},
  Author                   = {Hamilton, Russell S and Ball, Graeme and Davis, Ilan},
  Booktitle                = {Biophysical approaches to translational control of gene expression},
  Publisher                = {Springer},
  Year                     = {2013},
  Pages                    = {213--233}
}

@Article{hamilton2010particlestats,
  Title                    = {ParticleStats: open source software for the analysis of particle motility and cytoskeletal polarity},
  Author                   = {Hamilton, Russell S and Parton, Richard M and Oliveira, Raquel A and Vendra, Georgia and Ball, Graeme and Nasmyth, Kim and Davis, Ilan},
  Journal                  = {Nucleic Acids Research},
  Year                     = {2010},
  Number                   = {suppl 2},
  Pages                    = {W641--W646},
  Volume                   = {38},

  Publisher                = {Oxford Univ Press}
}

@Article{parton20111,
  Title                    = {A PAR-1--dependent orientation gradient of dynamic microtubules directs posterior cargo transport in the Drosophila oocyte},
  Author                   = {Parton, Richard M and Hamilton, Russell S and Ball, Graeme and Yang, Lei and Cullen, C Fiona and Lu, Weiping and Ohkura, Hiroyuki and Davis, Ilan},
  Journal                  = {The Journal of Cell Biology},
  Year                     = {2011},
  Number                   = {1},
  Pages                    = {121--135},
  Volume                   = {194},

  __markedentry            = {[jonathan:1]},
  Publisher                = {Rockefeller Univ Press}
}

@article{parton2014subcellular,
  title={Subcellular m{RNA} localisation at a glance},
  author={Parton, Richard M and Davidson, Alexander and Davis, Ilan and Weil, Timothy T},
  journal={Journal of Cell Science},
  volume={127},
  number={10},
  pages={2127--2133},
  year={2014},
  publisher={The Company of Biologists Ltd}
}


@Article{vendra2007dynactin,
  Title                    = {Dynactin suppresses the retrograde movement of apically localized m{RNA} in Drosophila blastoderm embryos},
  Author                   = {Vendra, Georgia and Hamilton, Russell S and Davis, Ilan},
  Journal                  = {RNA},
  Year                     = {2007},
  Number                   = {11},
  Pages                    = {1860--1867},
  Volume                   = {13},

  Publisher                = {Cold Spring Harbor Lab}
}

@Article{weil2006localization,
  Title                    = {Localization of bicoid m{RNA} in late oocytes is maintained by continual active transport},
  Author                   = {Weil, Timothy T and Forrest, Kevin M and Gavis, Elizabeth R},
  Journal                  = {Developmental Cell},
  Year                     = {2006},
  Number                   = {2},
  Pages                    = {251--262},
  Volume                   = {11},

  Publisher                = {Elsevier}
}

@Article{wilkie2001drosophila,
  Title                    = {Drosophila wingless and pair-rule transcripts localize apically by dynein-mediated transport of RNA particles},
  Author                   = {Wilkie, Gavin S and Davis, Ilan},
  Journal                  = {Cell},
  Year                     = {2001},
  Number                   = {2},
  Pages                    = {209--219},
  Volume                   = {105},

  Publisher                = {Elsevier}
}

@Article{yang2010adaptive,
  Title                    = {An adaptive non-local means filter for denoising live-cell images and improving particle detection},
  Author                   = {Yang, Lei and Parton, Richard and Ball, Graeme and Qiu, Zhen and Greenaway, Alan H and Davis, Ilan and Lu, Weiping},
  Journal                  = {Journal of structural biology},
  Year                     = {2010},
  Number                   = {3},
  Pages                    = {233--243},
  Volume                   = {172},

  Publisher                = {Elsevier}
}

@article{zimyanin2008vivo,
  title={In vivo imaging of oskar m{RNA} transport reveals the mechanism of posterior localization},
  author={Zimyanin, Vitaly L and Belaya, Katsiaryna and Pecreaux, Jacques and Gilchrist, Michael J and Clark, Alejandra and Davis, Ilan and St Johnston, Daniel},
  journal={Cell},
  volume={134},
  number={5},
  pages={843--853},
  year={2008},
  publisher={Elsevier}
}


% worth looking at these too?

@article{wilhelm1993rna,
  title={RNA on the move: the m{RNA} localization pathway.},
  author={Wilhelm, James E and Vale, Ronald D},
  journal={The Journal of Cell Biology},
  volume={123},
  number={2},
  pages={269--274},
  year={1993},
  publisher={Rockefeller Univ Press}
}

@article{weil2014mrna,
  title={m{RNA} localization in the Drosophila germline},
  author={Weil, Timothy T},
  journal={RNA biology},
  volume={11},
  number={8},
  pages={1010--1018},
  year={2014},
  publisher={Taylor \& Francis}
}

@article{forrest2003live,
  title={Live imaging of endogenous RNA reveals a diffusion and entrapment mechanism for nanos m{RNA} localization in Drosophila},
  author={Forrest, Kevin M and Gavis, Elizabeth R},
  journal={Current Biology},
  volume={13},
  number={14},
  pages={1159--1168},
  year={2003},
  publisher={Elsevier}
}

@article{weil2012drosophila,
  title={Drosophila patterning is established by differential association of m{RNA}s with P bodies},
  author={Weil, Timothy T and Parton, Richard M and Herpers, Bram and Soetaert, Jan and Veenendaal, Tineke and Xanthakis, Despina and Dobbie, Ian M and Halstead, James M and Hayashi, Rippei and Rabouille, Catherine and others},
  journal={Nature Cell Biology},
  volume={14},
  number={12},
  pages={1305--1313},
  year={2012},
  publisher={Nature Publishing Group}
}

@book{wolpert1998,
    author    = "Wolpert, Lewis and Beddington, Rosa and Brockes, Jeremy and Jessell, Thomas and Lawrence, Peter and Meyerowitz, Elliot",
    title     = "Principles of Development",
    year      = "1998",
    publisher = "Oxford University Press",
    address   = "Oxford"
}

@article{rosbash1993rna,
  title={RNA travel: tracks from DNA to cytoplasm},
  author={Rosbash, Michael and Singer, Robert H},
  journal={Cell},
  volume={75},
  number={3},
  pages={399--401},
  year={1993},
  publisher={Elsevier}
}

@article{nevo2011translation,
  title={Translation-independent localization of m{RNA} in E. coli},
  author={Nevo-Dinur, Keren and Nussbaum-Shochat, Anat and Ben-Yehuda, Sigal and Amster-Choder, Orna},
  journal={Science},
  volume={331},
  number={6020},
  pages={1081--1084},
  year={2011},
  publisher={American Association for the Advancement of Science}
}

@article{bobola1996asymmetric,
  title={Asymmetric accumulation of Ash1p in postanaphase nuclei depends on a myosin and restricts yeast mating-type switching to mother cells},
  author={Bobola, Nicoletta and Jansen, Ralf-Peter and Shin, Tae Ho and Nasmyth, Kim},
  journal={Cell},
  volume={84},
  number={5},
  pages={699--709},
  year={1996},
  publisher={Elsevier}
}

@article{mowry1992vegetal,
  title={Vegetal messenger RNA localization directed by a 340-nt RNA sequence element in Xenopus oocytes},
  author={Mowry, Kimberly L and Melton, Douglas A},
  journal={Science},
  volume={255},
  number={5047},
  pages={991--994},
  year={1992},
  publisher={American Association for the Advancement of Science}
}

@article{jaramillo2008dynamics,
  title={The dynamics of fluorescently labeled endogenous gurken m{RNA} in Drosophila},
  author={Jaramillo, Angela M and Weil, Timothy T and Goodhouse, Joseph and Gavis, Elizabeth R and Schupbach, Trudi},
  journal={Journal of Cell Science},
  volume={121},
  number={6},
  pages={887--894},
  year={2008},
  publisher={The Company of Biologists Ltd}
}

@article{bertrand1998localization,
  title={Localization of ASH1 m{RNA} particles in living yeast},
  author={Bertrand, Edouard and Chartrand, Pascal and Schaefer, Matthias and Shenoy, Shailesh M and Singer, Robert H and Long, Roy M},
  journal={Molecular Cell},
  volume={2},
  number={4},
  pages={437--445},
  year={1998},
  publisher={Elsevier}
}

@article{jeffery1983localization,
  title={Localization of actin messenger RNA during early ascidian development},
  author={Jeffery, William R and Tomlinson, Craig R and Brodeur, Richard D},
  journal={Developmental Biology},
  volume={99},
  number={2},
  pages={408--417},
  year={1983},
  publisher={Elsevier}
}

@article{amrute2012single,
  title={Single-molecule assays reveal that RNA localization signals regulate dynein-dynactin copy number on individual transcript cargoes},
  author={Amrute-Nayak, Mamta and Bullock, Simon L},
  journal={Nature Cell Biology},
  volume={14},
  number={4},
  pages={416--423},
  year={2012},
  publisher={Nature Publishing Group}
}

@article{buxbaum2015right,
  title={In the right place at the right time: visualizing and understanding m{RNA} localization},
  author={Buxbaum, Adina R and Haimovich Gal and Singer Robert H},
  journal={Nature Reviews Molecular Cell Biology},
  volume={16},
  number={2},
  pages={95--109},
  year={2015},
  publisher={Nature Publishing Group}
}

@article{szymanska2014mathematical,
  title={Mathematical modeling of the intracellular protein dynamics: The importance of active transport along microtubules},
  author={Szyma{\'n}ska, Zuzanna and Parisot, Martin and Lachowicz, Miros{\l}aw},
  journal={Journal of Theoretical Biology},
  volume={363},
  pages={118--128},
  year={2014},
  publisher={Elsevier}
}


@article{othmer1988models,
  title={Models of dispersal in biological systems},
  author={Othmer, Hans G and Dunbar, Steven R and Alt, Wolfgang},
  journal={Journal of Mathematical Biology},
  volume={26},
  number={3},
  pages={263--298},
  year={1988},
  publisher={Springer}
}

@Book{gardiner1985handbook,
  Title                    = {Handbook of stochastic methods},
  Author                   = {Gardiner, Crispin W and others},
  Publisher                = {Springer},
  Year                     = {1985},
  Volume                   = {3},

  Owner                    = {jonathan},
  Timestamp                = {2014.07.14}
}


@Article{isaacson2013convergent,
  Title                    = {A convergent reaction-diffusion master equation},
  Author                   = {Isaacson, Samuel A},
  Journal                  = {The Journal of chemical physics},
  Year                     = {2013},
  Number                   = {5},
  Pages                    = {054101},
  Volume                   = {139},

  Publisher                = {AIP Publishing}
}

@Article{isaacson2006incorporating,
  Title                    = {Incorporating diffusion in complex geometries into stochastic chemical kinetics simulations},
  Author                   = {Isaacson, Samuel A and Peskin, Charles S},
  Journal                  = {SIAM Journal on Scientific Computing},
  Year                     = {2006},
  Number                   = {1},
  Pages                    = {47--74},
  Volume                   = {28},

  Publisher                = {SIAM}
}

@Article{isaacson2011influence,
  Title                    = {The influence of volume exclusion by chromatin on the time required to find specific DNA binding sites by diffusion},
  Author                   = {Isaacson, SA and McQueen, DM and Peskin, Charles S},
  Journal                  = {Proceedings of the National Academy of Sciences},
  Year                     = {2011},
  Number                   = {9},
  Pages                    = {3815--3820},
  Volume                   = {108},

  Publisher                = {National Acad Sciences}
}

@Article{jansen2001mrna,
  Title                    = {m{RNA} localization: message on the move},
  Author                   = {Jansen, Ralf-Peter},
  Journal                  = {Nature Reviews Molecular Cell Biology},
  Year                     = {2001},
  Number                   = {4},
  Pages                    = {247--256},
  Volume                   = {2},

  Publisher                = {Nature Publishing Group}
}

@article{weil2010making,
  title={Making the message clear: visualizing m{RNA} localization},
  author={Weil, Timothy T and Parton, Richard M and Davis, Ilan},
  journal={Trends in Cell Biology},
  volume={20},
  number={7},
  pages={380--390},
  year={2010},
  publisher={Elsevier}
}

@article{johnston2014interpreting,
  title={Interpreting scratch assays using pair density dynamics and approximate {B}ayesian computation},
  author={Johnston, Stuart T and Simpson, Matthew J and McElwain, DL Sean and Binder, Benjamin J and Ross, Joshua V},
  journal={Open Biology},
  volume={4},
  number={9},
  pages={140097},
  year={2014},
  publisher={Royal Society Journals}
}

@article{turner2012tutorial,
  title={A tutorial on approximate {B}ayesian computation},
  author={Turner, Brandon M and Van Zandt, Trisha},
  journal={Journal of Mathematical Psychology},
  volume={56},
  number={2},
  pages={69--85},
  year={2012},
  publisher={Elsevier}
}

@article{beaumont2002approximate,
  title={Approximate Bayesian computation in population genetics},
  author={Beaumont, Mark A and Zhang, Wenyang and Balding, David J},
  journal={Genetics},
  volume={162},
  number={4},
  pages={2025--2035},
  year={2002},
  publisher={Genetics Soc America}
}

@article{clark2007dynein,
  title={A Dynein-dependent shortcut rapidly delivers axis determination transcripts into the Drosophila oocyte},
  author={Clark, Alejandra and Meignin, Carine and Davis, Ilan},
  journal={Development},
  volume={134},
  number={10},
  pages={1955--1965},
  year={2007},
  publisher={The Company of Biologists Limited}
}

@article{codling2005calculating,
  title={Calculating spatial statistics for velocity jump processes with experimentally observed reorientation parameters},
  author={Codling, EA and Hill, NA},
  journal={Journal of Mathematical Biology},
  volume={51},
  number={5},
  pages={527--556},
  year={2005},
  publisher={Springer}
}

@article{toni2009approximate,
  title={Approximate Bayesian computation scheme for parameter inference and model selection in dynamical systems},
  author={Toni, Tina and Welch, David and Strelkowa, Natalja and Ipsen, Andreas and Stumpf, Michael PH},
  journal={Journal of the Royal Society Interface},
  volume={6},
  number={31},
  pages={187--202},
  year={2009},
  publisher={The Royal Society}
}

@article{sisson2007sequential,
  title={Sequential Monte Carlo without likelihoods},
  author={Sisson, Scott A and Fan, Yanan and Tanaka, Mark M},
  journal={Proceedings of the National Academy of Sciences},
  volume={104},
  number={6},
  pages={1760--1765},
  year={2007},
  publisher={National Acad Sciences}
}

@article{lenormand2013adaptive,
  title={Adaptive approximate Bayesian computation for complex models},
  author={Lenormand, Maxime and Jabot, Franck and Deffuant, Guillaume},
  journal={Computational Statistics},
  volume={28},
  number={6},
  pages={2777--2796},
  year={2013},
  publisher={Springer}
}


@PhdThesis{DavidsonPhD2015,
           title = "{ }",
          author = "Alex Davidson",
          school = "University of Oxford",
           month = May,
            year = "2015",
}

@book{howard2001mechanics,
    author    = "Howard, Jonathon",
    title     = "Mechanics of Motor Proteins and the Cytoskeleton",
    year      = "2001",
    publisher = "Sinauer",
    address   = "Sunderland, MA"
}

@article{taylorking2015birds,
year={2015},
issn={0092-8240},
journal={Bulletin of Mathematical Biology},
title={From birds to bacteria: generalised velocity jump processes with resting states},
publisher={Springer US},
keywords={Velocity jump process; Transport equations; Brownian limit; Non-Markov correlated random walk; Mean squared displacement; Effective diffusion},
author={Taylor-King, JakeP. and van Loon, E.Emiel and Rosser, Gabriel and Chapman, S.Jon},
pages={1-24},
language={English}
}

@article{robert2011lack,
  title={Lack of confidence in approximate Bayesian computation model choice},
  author={Robert, Christian P and Cornuet, Jean-Marie and Marin, Jean-Michel and Pillai, Natesh S},
  journal={Proceedings of the National Academy of Sciences},
  volume={108},
  number={37},
  pages={15112--15117},
  year={2011},
  publisher={National Acad Sciences}
}

@article{nunes2010optimal,
  title={On optimal selection of summary statistics for approximate Bayesian computation},
  author={Nunes, Matthew A and Balding, David J},
  journal={Statistical Applications in Genetics and Molecular Biology},
  volume={9},
  number={1},
  year={2010}
}

@article{thompson2010three,
  title={Three-dimensional tracking of single mRNA particles in Saccharomyces cerevisiae using a double-helix point spread function},
  author={Thompson, Michael A and Casolari, Jason M and Badieirostami, Majid and Brown, Patrick O and Moerner, WE},
  journal={Proceedings of the National Academy of Sciences},
  volume={107},
  number={42},
  pages={17864--17871},
  year={2010},
  publisher={National Acad Sciences}
}

@article{faragher2012understanding,
  title={Understanding the basis of the Kalman filter via a simple and intuitive derivation},
  author={Faragher, Ramsey and others},
  journal={IEEE Signal Processing Magazine},
  volume={29},
  number={5},
  pages={128--132},
  year={2012}
}

@article{szymanska2014mathematical,
  title={Mathematical modeling of the intracellular protein dynamics: the importance of active transport along microtubules},
  author={Szyma{\'n}ska, Zuzanna and Parisot, Martin and Lachowicz, Miros{\l}aw},
  journal={Journal of theoretical biology},
  volume={363},
  pages={118--128},
  year={2014},
  publisher={Elsevier}
}

@article{liu2011role,
  title={The role of regulated mRNA stability in establishing bicoid morphogen gradient in Drosophila embryonic development.},
  author={Liu, Wei and Niranjan, Mahesan},
  journal={PLOS ONE},
  volume={6},
  number={9},
  pages={e24896--e24896},
  year={2011},
  publisher={Public Library of Science}
}

@article{liepe2012calibrating,
  title={Calibrating spatio-temporal models of leukocyte dynamics against in vivo live-imaging data using approximate Bayesian computation},
  author={Liepe, Juliane and Taylor, Harriet and Barnes, Chris P and Huvet, Maxime and Bugeon, Laurence and Thorne, Thomas and Lamb, Jonathan R and Dallman, Margaret J and Stumpf, Michael PH},
  journal={Integrative Biology},
  volume={4},
  number={3},
  pages={335--345},
  year={2012},
  publisher={Royal Society of Chemistry}
}

@article{van2015calibration,
  title={Calibration and evaluation of individual-based models using approximate Bayesian computation},
  author={van der Vaart, Elske and Beaumont, Mark A and Johnston, Alice SA and Sibly, Richard M},
  journal={Ecological Modelling},
  volume={312},
  pages={182--190},
  year={2015},
  publisher={Elsevier}
}

@article{beaumont2009adaptive,
  title={Adaptive approximate Bayesian computation},
  author={Beaumont, Mark A and Cornuet, Jean-Marie and Marin, Jean-Michel and Robert, Christian P},
  journal={Biometrika},
  volume={96},
  number={4},
  pages={983--990},
  year={2009},
  publisher={Biometrika Trust}
}

@article{cappe2004population,
  title={Population monte carlo},
  author={Capp{\'e}, Olivier and Guillin, Arnaud and Marin, Jean-Michel and Robert, Christian P},
  journal={Journal of Computational and Graphical Statistics},
  volume={13},
  number={4},
  year={2004}
}

@article{felzenszwalb2004efficient,
  title={Efficient graph-based image segmentation},
  author={Felzenszwalb, Pedro F and Huttenlocher, Daniel P},
  journal={International Journal of Computer Vision},
  volume={59},
  number={2},
  pages={167--181},
  year={2004},
  publisher={Springer}
}

@article{lasko1999rna,
  title={RNA sorting in Drosophila oocytes and embryos},
  author={Lasko, Paul},
  journal={The FASEB journal},
  volume={13},
  number={3},
  pages={421--433},
  year={1999},
  publisher={FASEB}
}

@article{ganguly2012cytoplasmic,
  title={Cytoplasmic streaming in Drosophila oocytes varies with kinesin activity and correlates with the microtubule cytoskeleton architecture},
  author={Ganguly, Sujoy and Williams, Lucy S and Palacios, Isabel M and Goldstein, Raymond E},
  journal={Proceedings of the National Academy of Sciences},
  volume={109},
  number={38},
  pages={15109--15114},
  year={2012},
  publisher={National Acad Sciences}
}

@article{rosser2013novel,
  title={Novel methods for analysing bacterial tracks reveal persistence in Rhodobacter sphaeroides},
  author={Rosser, Gabriel and Fletcher, Alexander G and Wilkinson, David A and de Beyer, Jennifer A and Yates, Christian A and Armitage, Judith P and Maini, Philip K and Baker, Ruth E},
  journal={PLOS Comp Biol},
  volume={9},
  number={10},
  pages={1:18},
  year={2013},
  publisher={Public Library of Science}
}

@article{persson2013extracting,
  title={Extracting intracellular diffusive states and transition rates from single-molecule tracking data},
  author={Persson, Fredrik and Lind{\'e}n, Martin and Unoson, Cecilia and Elf, Johan},
  journal={Nature Methods},
  volume={10},
  number={3},
  pages={265--269},
  year={2013},
  publisher={Nature Publishing Group}
}

@article{milo2010bionumbers,
  title={BioNumbers—the database of key numbers in molecular and cell biology},
  author={Milo, Ron and Jorgensen, Paul and Moran, Uri and Weber, Griffin and Springer, Michael},
  journal={Nucleic Acids Research},
  volume={38},
  number={suppl 1},
  pages={750--753},
  year={2010},
  publisher={Oxford Univ Press}
}

@article{marygold2013flybase,
  title={FlyBase: improvements to the bibliography},
  author={Marygold, Steven J and Leyland, Paul C and Seal, Ruth L and Goodman, Joshua L and Thurmond, Jim and Strelets, Victor B and Wilson, Robert J and FlyBase Consortium and others},
  journal={Nucleic Acids Research},
  volume={41},
  number={D1},
  pages={751--757},
  year={2013},
  publisher={Oxford Univ Press}
}



